@Manual{2024needsreport,
	title = {2024 Drinking Water Needs Assessment Results},
	isbn = {},
	language = {en},
	publisher = {},
	author = {{California State Water Resources Control Board}},
	year = {2024},
	url = {https://www.waterboards.ca.gov/drinking_water/certlic/drinkingwater/documents/needs/2024/2024-needs-assessment.pdf},
}

@Manual{2021needsreport,
	title = {2021 Drinking Water Needs Assessment Executive Summary},
	isbn = {},
	language = {en},
	publisher = {},
	author = {{California State Water Resources Control Board}},
	year = {2021},
	url = {https://www.waterboards.ca.gov/drinking_water/certlic/drinkingwater/documents/needs/executive_summary.pdf},
}

@Manual{waterfail,
	title = {2025 SAFER Dashboard},
	author = {{California State Water Resources Control Board}},
	language = {en},
	year = {2025},
	url = {https://www.waterboards.ca.gov/drinking_water/certlic/drinkingwater/documents/needs/2024/2024-needs-assessment.pdf},
}

@Manual{rcode,
  title = {R: A Language and Environment for Statistical Computing},
  author = {{R Core Team}},
  organization = {R Foundation for Statistical Computing},
  address = {Vienna, Austria},
  year = {2025},
  url = {https://www.R-project.org/},
}
  
@Manual{calenviro,
  title = {CalEnviroScreen},
  author = {},
  organization = {State of California Office of Environmental Health Hazard Assessment (OEHHA)},
  address = {},
  year = {2025},
  url = {https://oehha.ca.gov/calenviroscreen},
}
